%%%%%%%%%%%%%%%%%%%%%%%%%%%%%%%%%%%%%%%%%%%%%%%%%%%%%%%%%%%%%%%%%%%%%%%%%%%%
%                                                                          %
%              (C) Copyright 1995 The Board of Trustees of the             %
%                          University of Illinois                          %
%                           All Rights Reserved                            %
%								  	   %
%%%%%%%%%%%%%%%%%%%%%%%%%%%%%%%%%%%%%%%%%%%%%%%%%%%%%%%%%%%%%%%%%%%%%%%%%%%%

%%%%%%%%%%%%%%%%%%%%%%%%%%%%%%%%%%%%%%%%%%%%%%%%%%%%%%%%%%%%%%%%%%%%%%%%%%%%
% RCS INFORMATION:
%
%       $RCSfile: ug.bib,v $
%       $Author: char $        $Locker:  $                $State: Exp $
%       $Revision: 1.7 $      $Date: 2008/09/18 21:48:50 $
%
%%%%%%%%%%%%%%%%%%%%%%%%%%%%%%%%%%%%%%%%%%%%%%%%%%%%%%%%%%%%%%%%%%%%%%%%%%%%
% DESCRIPTION:
%	Local bibliography entries for the NAMD User's Guide
%
%%%%%%%%%%%%%%%%%%%%%%%%%%%%%%%%%%%%%%%%%%%%%%%%%%%%%%%%%%%%%%%%%%%%%%%%%%%%
% REVISION HISTORY:
%
% $Log: ug.bib,v $
% Revision 1.7  2008/09/18 21:48:50  char
% Initial add of colvar module  (Following files added: src/GlobalMasterColvars.h src/colvar.C src/colvar.h src/colvaratoms.C src/colvaratoms.h src/colvarbias.C src/colvarbias.h src/colvarbias_abf.C src/colvarbias_abf.h src/colvarbias_meta.C src/colvarbias_meta.h src/colvarcomp.C src/colvarcomp.h src/colvarcomp_angles.C src/colvarcomp_coordnums.C src/colvarcomp_distances.C src/colvarcomp_protein.C src/colvarcomp_rotations.C src/colvarmodule.C src/colvarmodule.h src/colvarparse.C src/colvarparse.h src/colvarproxy.h src/colvarproxy_namd.C src/colvarproxy_namd.h src/colvartypes.h src/colvarvalue.C src/colvarvalue.h ug/ug_colvars.tex) --cbh
%
% Revision 1.6  2006/09/17 21:33:00  jim
% update chipot ref
%
% Revision 1.5  2005/07/21 16:23:32  jim
% Add adaptive biasing force method from Chipot.
%
% Revision 1.4  2003/09/18 22:35:08  jim
% Patches from Chris Chipot and Jerome Henin.
%
% Revision 1.3  2002/03/08 23:07:45  jim
% Added refs from proposal to LES docs.
%
% Revision 1.2  2002/02/20 22:26:03  jim
% Added alchemical free energy docs "as is", fixed only to build.
%
% Revision 1.1  1998/01/05 21:12:29  dhardy
% user guide, first draft
%
% Revision 1.3  1997/08/07 16:09:43  dhardy
% changed CHARMm to CHARMM
%
% Revision 1.2  1996/05/20 16:39:37  brunner
% Now includes bib entries and abbreviations for all references
% in ug.tex
%
% Revision 1.1  1995/06/19 16:12:36  nelson
% Initial revision
%
%%%%%%%%%%%%%%%%%%%%%%%%%%%%%%%%%%%%%%%%%%%%%%%%%%%%%%%%%%%%%%%%%%%%%%%%%%%%

%%%%%%%%%%%%%%%%%%%%%%%%%%%%%%%%%%%%%%%%%%%%%%%%%%%%%%%%%%%%%%%%%%%%%%%%%%%%
% NOTES:	1) see top of group.bib for journal abbreviations.
%		2) article keyword should be of the form AAAANN, where
%		   AAAA = first four characters of first author, in all-caps
%		   NN = last two digits of year published, i.e. 94
%%%%%%%%%%%%%%%%%%%%%%%%%%%%%%%%%%%%%%%%%%%%%%%%%%%%%%%%%%%%%%%%%%%%%%%%%%%%
%
% New note: I am moving all bib entries here, so we don't need to read
% other bibs.  This reduces duplicate definitions.  But we then need
% to put all abbreviations here as well.
% RKB 5-20-96
%

@string{JMB = "J.\ Mol.\ Biol."}
@string{JCC = "J.\ Comp.\ Chem."}
@string{JCP = "J.\ Chem.\ Phys."}
@string{JACS = "J.\ Am. Chem.\ Soc."}

@inproceedings{CRUZ93,
  author={Carolina Cruz-Neira and Dan J. Sandin and Thomas A. DeFanti},
  title={Unknown},
  year=1993,
  pages={135},
  booktitle={Proceedings of SIGGRAPH '93},
  address={Anaheim, CA},
  publisher={Association for Computing Machinery}
}


@inproceedings{lin:atm,
  author={Mengjou Lin and Jenwei Hsieh and David H. C. Du and Joseph P. Thomas and James A. MacDonald},
  title={Distributed Network Computing Over Local {ATM} Networks},
  year=1994,
  pages={154-163},
  booktitle={Proceedings of Supercomputing '94},
  address={Washington, DC},
  publisher={IEEE Computer Society Press}
}

@manual{sun:xdr,
  organization={Sun Microsystems},
  title={X{D}{R}: External Data Representation Standard. {RFC}-1014},
  year=1987
}

@techreport{duke:fma,
  author={J. Board and Z. Hakura and W. Elliot and W. Rankin},
  title={Scalable Variants of Multipole-Accelerated Algorithms for Molecular Dynamics Applications}, 
  institution={Duke University, Dept. of Elec. Engr.},
  type={Technical Report},
  number={TR94-006},
  year={1994}
}

@article{ZhSc93,
  Author="G. Zhang and T. Schlick",
  Title="{LIN}: A New Algorithm to Simulate the Dynamics of Biomolecules by Combining Implicit-Integration and Normal Mode Techniques",
  Journal=JCC,
  volume=14,
  pages={1212--1233},
  year=1993
}

@techreport{ornl:pvm,
  author={A. Geist and A. Beguelin and J. Dongarra and W. Jiang and R. Manchek and V. Sunderam},
  title={{PVM}~3 Users Guide and Reference Manual},
  institution={Oak Ridge National Laboratory},
  type={Technical Manual},
  number={ORNL/TM-12187},
  month={May},
  year={1994}
}

@article{penn:npt,
  Author={G. Martyna and D. Tobias and M. Klein},
  Title={Constant pressure molecular dynamics algorithms},
  Journal=JCP,
  volume=101,
  pages={4177--4189},
  year=1994
}

@article{BERN77,
  author={F. C. Bernstein and T. F. Koetzle and G. J. B. Williams and E. F. Meyer, Jr. and M. D. Brice and J. R. Rodgers and O. Kennard and T. Shimanouchi and M. Tasumi},
  title={The Protein Data Bank: A Computer-Based Archival File For Macromolecular Structures},
  journal=JMB,
  volume=112,
  pages={535--542},
  year=1977
}

@manual{XMOL93,
  key={MSCI},
  title={XMol, Version 1.3.1},
  organization={Minnesota Supercomputer Center, Inc.},
  address={Minneapolis, MN},
  year=1993
}

@article{CARS91,
  author={M. Carson},
  title={{RIBBONS} 2.0},
  journal=JAC,
  volume=24,
  pages={958--961},
  year=1991
}

@article{WEIN81,
  author={P. K. Weiner and P. A. Kollman},
  title={{AMBER}: Assisted Model Building With Energy Refinement.  A General Program for Modeling Molecules and Their Interactions},
  journal=JCC,
  volume=2,
  pages=287,
  year=1981
}

@incollection{CARS85,
  author={M. Carson and J. Hermans},
  title={The Molecular Dynamics Workshop Laboratory},
  booktitle={Molecular Dynamics and Protein Structure},
  editor={J. Hermans},
  publisher={University of North Carolina},
  address={Chapel Hill},
  pages={165--166},
  year=1985
}

@inproceedings{crpc:space,
  Author={T. Clark and R. Hanxleden and J. McCammon and L. Scott},
  Title={Parallelizing Molecular Dynamics using Spatial Decomposition},
  month=May,
  year=1994,
  booktitle={Proceedings of the Scalable High Performance Computing Conference},
  address={Knoxville, TN},
}

@techreport{sandia:decomp,
  author={S. Plimpton and B. Hendrickson},
  title={A New Parallel Method for Molecular Dynamics Simulation of Macromolecular Systems},
  institution={Sandia National Laboratories},
  type={Technical Report},
  number={SAND94-1862},
  month={August},
  year={1994}
}

@article{bb:decomp,
  author={B. R. Brooks and M. Hodoscek},
  title={Parallelization of CHARMM for MIMD Machines},
  journal={Chemical Design Automation News},
  volume=7,
  number=12,
  pages={16--22},
  year=1992
}

@inproceedings{kale:mdl,
  author={L. V. Kale and A. Gursoy},
  title={Modularity, Reuse and Efficiency with Message-Driven Libraries},
  booktitle={Proceedings of the $7^{th}$ SIAM Parallel Processing Conference}, 
  month =Feb,
  year  =1995,
  address={San Fransisco, CA}
}

@inproceedings{kale:charm,
  author={L. V. Kale and S. Krishnan},
  title={CHARM++ :  A Portable Concurrent Object Oriented System Based on {C++}},
  booktitle={Proceedings of OOPSLA-93},
  month =Sep,
  year  =1993,
  address={Washington, DC}
}

@article{HANE94,
  author={S. W. Haney},
  title={Is {C++} Fast Enough For Scientific Computing?},
  journal=CIP,
  volume=8,
  number=6,
  pages={690--694},
  year=1994
}

@article{BERG87,
  author={M. J. Berger and S. H. Bokhari},
  title={A Partitioning Strategy for Nonuniform Problems on Multiprocessors},
  journal={IEEE Transactions on Computers},
  volume={C-36},
  number=5,
  pages={570--580},
  month=May,
  year=1987
}

@incollection{WIND95,
  author={A. Windemut},
  title={Advanced Algorithms for Molecular Dynamics Simulation: The Program PMD},
  booktitle={Parallel Computing in Computational Chemistry},
  editor={T. Mattson},
  publisher={ACS Books},
  year={1995 - In Press}
}

@inproceedings{EICK92,
  author={T. von Eicken and D. E. Culler and S. C. Goldstein and K. E. Schauser},
  title={Active messages: a mechanism for integrated communication and computation},
  year=1992,
  booktitle={Proceedings of the International Symposium on Computer Architecture}
}

@techreport{HUMP94,
  author={William Humphrey and Andrew Dalke},
  title={{VMD} User Guide ({Version} 0.94)},
  institution={University of Illinois},
  type={Beckman Institute Technical Report},
  number={TB-94-07},
  tbreference={0},
  tbtechrep={TB-94-07},
  year=1994
}

@book{ALLE87,
  author={M. P. Allen and D. J. Tildesley},
  title={Computer Simulation of Liquids},
  publisher={Oxford University Press},
  address={New York},
  year=1987
}

@book{MCCA87,
   author={J. A. McCammon and S. C. Harvey},
   title={Dynamics of Proteins and Nucleic Acids},
   publisher={Cambridge University Press},
   address={Cambridge},
   year=1987
}

@manual{BRUN92b,
  author={Axel T. Br\"unger},
  title={X-PLOR, Version~3.1, A System for {X}-ray Crystallography and {NMR}},
  organization={The Howard Hughes Medical Institute and Department of Molecular Biophysics and Biochemistry, Yale University},
  year={1992}
}
@article{BROO83,
  author={Bernard R. Brooks and Robert E. Bruccoleri and Barry D. Olafson and David J. States and S. Swaminathan and Martin Karplus},
  title={{CHARMM:} A Program for  Macromolecular Energy, Minimization, and Dynamics Calculations},
  journal=JCC,
  year={1983},
  volume={4},
  number={2},
  pages={187--217}
}
 
% begin FEP entries from sdixit and chipot

@ARTICLE{Axelsen1998,
  author = {Axelsen, P. H. and
	 Li, D.},
  title = {Improved convergence in dual--topology free energy
	 calculations through use of harmonic restraints},
  journal = {J. Comput. Chem. },
  year = {1998},
  volume = {19},
  pages = {1278-1283}
}

@ARTICLE{Beveridge1989,
  author = {Beveridge, D. L. and DiCapua, F. M. },
  title = {Free energy via molecular simulation:
	 Applications to chemical and biomolecular systems},
  journal = {Annu. Rev. Biophys. Biophys. },
  year = {1989},
  volume = {18},
  pages = {431-492}
}

@ARTICLE{Boresch1999,
  author = {Boresch, S. and Karplus, M. },
  title = {The role of bonded terms in free energy simulations:
	 I. Theoretical analysis},
  journal = {J. Phys. Chem. A},
  year = {1999},
  volume = {103},
  pages = {103-118}
}

@ARTICLE{Chipot2002g,
  author = {Chipot, C. and Pearlman, D. A.},
  title = {Free energy calculations. The long and winding gilded road},
  journal = {Mol. Sim.},
  year = {2002},
  volume = {28},
  pages = {1-12}
}

@ARTICLE{Gao1989,
  author = {Gao, J. and Kuczera, K. and Tidor, B. and Karplus, M. },
  title = {Hidden thermodynamics of mutant proteins: A molecular
	 dynamics analysis},
  journal = {Science},
  year = {1989},
  volume = {244},
  pages = {1069-1072}
}

@ARTICLE{Gilson1997,
  author = {Gilson, M. K. and
	 Given, J. A. and
	 Bush, B. L. and
	 McCammon, J. A.},
  title = {The statistical--thermodynamic basis for computation of binding
	 affinities: A critical review},
  journal = {Biophys. J.},
  year = {1997},
  volume = {72},
  pages = {1047-1069}
}

@INCOLLECTION{VanGunsteren1989,
  author = {van Gunsteren, W. F.},
  title = {Methods for calculation of free energies and
	 binding constants: Successes and problems},
  booktitle = {Computer simulation of biomolecular systems:
	 Theoretical and experimental applications},
  publisher = {Escom},
  year = {1989},
  editor = {Van Gunsteren, W. F. and Weiner, P. K. },
  pages = {27-59},
  address = {The Netherlands}
}

@INCOLLECTION{King1993,
  author = {King, P. M.},
  title = {Free energy via molecular simulation: A primer},
  booktitle = {Computer simulation of biomolecular systems:
	 Theoretical and experimental applications},
  publisher = {ESCOM},
  year = {1993},
  editor = {Van Gunsteren, W. F. and Weiner, P. K. and Wilkinson, A. J.},
  volume = {2},
  pages = {267-314},
  address = {Leiden}
}

@ARTICLE{Kirkwood1935,
  author = {Kirkwood, J. G. },
  title = {Statistical mechanics of fluid mixtures},
  journal = {J. Chem. Phys. },
  year = {1935},
  volume = {3},
  pages = {300-313}
}

@ARTICLE{Kollman1993,
  author = {Kollman, P. A.},
  title = {Free energy calculations: Applications to chemical and biochemical
	phenomena},
  journal = {Chem. Rev. },
  year = {1993},
  volume = {93},
  pages = {2395-2417},
}

@ARTICLE{Lu2004,
  author = {Lu, N. and Kofke, D. A. and Woolf, T. B.},
  title = {Improving the efficiency and reliability of free energy
	 perturbation calculations using overlap sampling methods},
  journal = {J. Comput. Chem.},
  year = {2004},
  volume = {25},
  pages = {28-39}
}

@INCOLLECTION{Mark1998,
  author = {Mark, A. E.},
  title = {Free Energy Perturbation Calculations},
  booktitle = {Encyclopedia of computational chemistry},
  publisher = {Wiley and Sons},
  year = {1998},
  editor = {Schleyer, P. v. R. and Allinger, N. L. and Clark, T. and Gasteiger,
	J. and Kollman, P. A. and Schaefer III, H. F. and Schreiner, P.
	R.},
  volume = {2},
  pages = {1070-1083},
  address = {Chichester}
}

@ARTICLE{Pearlman1994a,
  author = {Pearlman, D. A.},
  title = {A comparison of alternative approaches to free energy calculations},
  journal = {J. Phys. Chem.},
  year = {1994},
  volume = {98},
  pages = {1487-1493},
}

@ARTICLE{Straatsma1992,
  author = {Straatsma, T. P. and McCammon, J. A. },
  title = {Computational alchemy},
  journal = {Annu. Rev. Phys. Chem.},
  year = {1992},
  volume = {43},
  pages = {407-435}
}

@ARTICLE{Zwanzig1954,
  author = {Zwanzig, R. W. },
  title = {High--temperature equation of state by a perturbation method. I.
	Nonpolar gases},
  journal = {J. Chem. Phys.},
  year = {1954},
  volume = {22},
  pages = {1420-1426}
}

@BOOK{Chipot2007,
  title = {Free energy calculations.
	 Theory and applications in chemistry and biology},
  publisher = {Springer Verlag},
  year = {2007},
  editor = {C. Chipot and A. Pohorille},
}

% end FEP entries from sdixit and chipot

% begin LES entries from NIH proposal

@Article{ROIT91,
  author =       "A. Roitberg and R. Elber",
  title =        "Modeling side chains in peptides and proteins: Application of the locally enhanced sampling technique and the simulated annealing methods to find minimum energy conformations",
  journal =      JCP,
  year =         1991,
  volume =       95,
  pages =        {9277--9287}
}

@article{SIMM98,
  author={C. Simmerling and T. Fox and P. A. Kollman},
  title={Use of locally enhanced sampling in free energy calculations: {T}esting and application to the $\alpha\rightarrow\beta$ anomerization of glucose},
  journal=JACS,
  volume=120,
  number=23,
 year=1998,
 pages={5771-5782}
}

@article{SIMM00,
author={C. Simmerling and M. R. Lee and A. R. Ortiz and A. Kolinski and J. Skolnick and P. A. Kollman},
title={Combining {MONSSTER} and {LES/PME} to predict protein structure from amino acid sequence: {A}pplication to the small protein {CMTI-1}},
journal=JACS,
volume=122,
number=35,
 year=2000,
 pages={8392-8402}
}

% end LES entries from NIH proposal

% begin Free Energy entries from Fiorin and Henin


@ARTICLE{Carter1989,
  author = {Carter, E, A. and Ciccotti, G. and Hynes, J. T. and Kapral, R.},
  title = {Constrained reaction coordinate dynamics for the simulation of rare
	events},
  journal = {Chem. Phys. Lett. },
  year = {1989},
  volume = {156},
  pages = {472-477}
}

@ARTICLE{Ciccotti2005,
  author = {Giovanni Ciccotti and Raymond Kapral and Eric Vanden-Eijnden},
  title = {Blue moon sampling, vectorial reaction coordinates, and unbiased
	constrained dynamics},
  journal = {ChemPhysChem},
  year = {2005},
  volume = {6},
  pages = {1809--1814},
  number = {9}
}

@ARTICLE{Darve2008,
  author = {Eric Darve and David Rodr{\'i}guez-G{\'o}mez and Andrew Pohorille},
  title = {Adaptive biasing force method for scalar and vector free energy calculations},
  journal = {J. Chem. Phys.},
  year = {2008},
  volume = {128},
  pages = {144120},
  number = {14}
}

@ARTICLE{denOtter2000,
  author = {den Otter, W. K.},
  title = {Thermodynamic integration of the free energy along a reaction coordinate
	in Cartesian coordinates},
  journal = {J. Chem. Phys.},
  year = {2000},
  volume = {112},
  pages = {7283-7292}
}

@ARTICLE{Henin2004,
  author = {H\'enin, J. and Chipot, C.},
  title = {Overcoming free energy barriers using unconstrained molecular dynamics
	simulations},
  journal = {J. Chem. Phys.},
  year = {2004},
  volume = {121},
  pages = {2904--2914}
}

@Article{Laio2002,
  Author         = {Laio, A. and Parrinello, M.},
  Title          = {Escaping free-energy minima.},
  Journal        = {Proc. Natl. Acad. Sci. USA},
  Year           = {2002},
  Volume         = {99},
  Number         = {20},
  Pages          = {12562-6}
}

@ARTICLE{Iannuzzi2003,
  author = {Iannuzzi, M. and Laio, A. and Parrinello, M.},
  title = {Efficient exploration of reactive potential energy surfaces using
	Car-Parrinello molecular dynamics},
  journal = {Phys. Rev. Lett.},
  year = {2003},
  volume = {90},
  pages = {238302},
  number = {23}
}

@Article{Coutsias2004,
  Author         = "Coutsias, E A and Seok, C and Dill, K A",
  Title          = {Using quaternions to calculate {RMSD}},
  Journal        = "J. Comput. Chem.",
  Year           = {2004},
  Volume         = "25",
  Number         = "15",
  Pages          = "1849--1857"
}

@Article{Raiteri2005,
  Author         = {Raiteri, P. and Laio, A. and Gervasio, F. L. and
                   Micheletti, C. and Parrinello, M.},
  Title          = {Efficient reconstruction of complex free energy
                   landscapes by multiple walkers metadynamics.},
  Journal        = {J. Phys. Chem. B},
  Year           = {2005},
  Volume         = {110},
  Number         = {8},
  Pages          = {3533-9}
}

@Article{Bussi2006,
  Author         = {Bussi, G. and Laio, A. and Parrinello, M.},
  Title          = {Equilibrium free energies from nonequilibrium
                   metadynamics.},
  Journal        = {Phys. Rev. Lett.},
  Year           = {2006},
  Volume         = {96},
  Number         = {9},
  Pages          = {090601}
}

@ARTICLE{Ruiz-Montero1997,
  author = {Ruiz-Montero, M. J. and Frenkel, D. and Brey, J. J.},
  title = {Efficient schemes to compute diffusive barrier crossing rates},
  journal = {Mol. Phys. },
  year = {1997},
  volume = {90},
  pages = {925-941}
}



% end Free Energy entries from Fiorin and Henin

